@online{popcontest,
    author = {Avery Pennarun, Bill Allombert and Petter Reinholdtsen},
    title = "Debian Popularity Context",
    url = "https://popcon.debian.org/",
    addendum = "(accessed: 12.12.2022)"
}

@online{rocchioformulations,
    author = "Helen Yannakoudakis",
    title = "Lecture 7: Relevance Feedback and Query Expansion",
    url = "https://www.cl.cam.ac.uk/teaching/1718/InfoRtrv/slides/lecture7-relevance-feedback.pdf",
    addendum = "(accessed: 13.12.2022)"
}

@online{ubuntuarchive,
    author = "Ubuntu Archive Automatic Signing",
    title = "Ubuntu Archive: Repository List",
    url  = "http://archive.ubuntu.com/ubuntu/dists/jammy/",
    addendum = "(accessed: 05.10.2022)"
}

@online{debctrlpackage,
    author = {Russ Allbery and Sean Whitton},
    title = "Control files and their fields",
    url  = "https://www.debian.org/doc/debian-policy/ch-controlfields.html#s-f-essential",
    addendum = "(accessed: 05.10.2022)"
}

@online{pandas,
    author = {PyData Development Team},
    title = "pandas",
    url  = "https://pandas.pydata.org/",
    addendum = "(accessed: 08.10.2022)"
}

@online{solr_tokenizers,
    author = {Apache Software Foundation},
    title = "Tokenizers",
    url = "https://solr.apache.org/guide/8_0/tokenizers.html",
    addendum = "(accessed: 02.11.2022)"
}

@online{solr_filters,
    author = {Apache Software Foundation},
    title = "Filter Descriptions",
    url = "https://solr.apache.org/guide/8_1/filter-descriptions.html",
    addendum = "(accessed: 02.11.2022)"
}

@article{einstein,
    author = "Albert Einstein",
    title = "{Zur Elektrodynamik bewegter K{\"o}rper}. ({German})
    [{On} the electrodynamics of moving bodies]",
    journal = "Annalen der Physik",
    volume = "322",
    number = "10",
    pages = "891--921",
    year = "1905",
    DOI = "http://dx.doi.org/10.1002/andp.19053221004",
    keywords = "physics"
}

@book{dirac,
    title = {The Principles of Quantum Mechanics},
    author = {Paul Adrien Maurice Dirac},
    isbn = {9780198520115},
    series = {International series of monographs on physics},
    year = {1981},
    publisher = {Clarendon Press},
    keywords = {physics}
}

@online{knuthwebsite,
    author = "Donald Knuth",
    title = "Knuth: Computers and Typesetting",
    url  = "http://www-cs-faculty.stanford.edu/~uno/abcde.html",
    addendum = "(accessed: 01.09.2016)",
    keywords = "latex,knuth"
}

@inbook{knuth-fa,
    author = "Donald E. Knuth",
    title = "Fundamental Algorithms",
    publisher = "Addison-Wesley",
    year = "1973",
    chapter = "1.2",
    keywords  = "knuth,programming"
}